@book{hatcher,
  title={Algebraic Topology},
  author={Hatcher, A.},
  isbn={9780521795401},
  lccn={00065166},
  series={Algebraic Topology},
  url={https://books.google.com.au/books?id=BjKs86kosqgC},
  year={2002},
  publisher={Cambridge University Press}
}

@book{context,
  title={Category Theory in Context},
  author={Riehl, E.},
  url={https://emilyriehl.github.io/files/context.pdf},
  year={2017}
}

@online{nlab-context,
  title={Category Theory in Context},
  author={nLab Authors},
  url={https://ncatlab.org/nlab/show/Category+Theory+in+Context},
  note={Literally just to look up citation year of the book!}
}